@article{quinlan2017parsimonious,
  title={Parsimonious Hierarchical Modeling Using Repulsive Distributions},
  author={Quinlan, Jos{\'e} J and Quintana, Fernando A and Page, Garritt L},
  journal={arXiv preprint arXiv:1701.04457},
  year={2017}
}
