@article{kucukelbir2017automatic,
  title={Automatic differentiation variational inference},
  author={Kucukelbir, Alp and Tran, Dustin and Ranganath, Rajesh and Gelman, Andrew and Blei, David M},
  journal={The Journal of Machine Learning Research},
  volume={18},
  number={1},
  pages={430--474},
  year={2017},
  publisher={JMLR. org}
}

@article{blei2017variational,
  title={Variational inference: A review for statisticians},
  author={Blei, David M and Kucukelbir, Alp and McAuliffe, Jon D},
  journal={Journal of the American Statistical Association},
  volume={112},
  number={518},
  pages={859--877},
  year={2017},
  publisher={Taylor \& Francis}
}

@article{baydin2018automatic,
  title={Automatic differentiation in machine learning: a survey},
  author={Baydin, Atilim Gunes and Pearlmutter, Barak A and Radul, Alexey Andreyevich and Siskind, Jeffrey Mark},
  journal={Journal of Marchine Learning Research},
  volume={18},
  pages={1--43},
  year={2018},
  publisher={Microtome Publishing}
}

@article{paszke2017automatic,
  title={Automatic differentiation in PyTorch},
  author={Paszke, Adam and Gross, Sam and Chintala, Soumith and Chanan, Gregory and Yang, Edward and DeVito, Zachary and Lin, Zeming and Desmaison, Alban and Antiga, Luca and Lerer, Adam},
  year={2017}
}

@article{zhang2018advances,
  title={Advances in variational inference},
  author={Zhang, Cheng and Butepage, Judith and Kjellstrom, Hedvig and Mandt, Stephan},
  journal={IEEE transactions on pattern analysis and machine intelligence},
  year={2018},
  publisher={IEEE}
}

@article{hoffman2013stochastic,
  title={Stochastic variational inference},
  author={Hoffman, Matthew D and Blei, David M and Wang, Chong and Paisley, John},
  journal={The Journal of Machine Learning Research},
  volume={14},
  number={1},
  pages={1303--1347},
  year={2013},
  publisher={JMLR. org}
}
